<record><leader>00000cas a2200000Ma 4500</leader><controlfield tag="001">10832673</controlfield><controlfield tag="008">840612d18411841mauwr ne      0    0eng d</controlfield><datafield ind1=" " ind2=" " tag="010"><subfield code="a">sn 84023347 </subfield></datafield><datafield ind1=" " ind2=" " tag="040"><subfield code="a">AQM</subfield><subfield code="b">eng</subfield><subfield code="c">AQM</subfield><subfield code="d">OCLCG</subfield><subfield code="d">WAU</subfield><subfield code="d">OCLCQ</subfield></datafield><datafield ind1="0" ind2=" " tag="130"><subfield code="a">Free American (Boston, Mass.)</subfield></datafield><datafield ind1="1" ind2="0" tag="245"><subfield code="a">Free American.</subfield></datafield><datafield ind1=" " ind2=" " tag="260"><subfield code="a">Boston [Mass.] :</subfield><subfield code="b">Dexter S. King,</subfield><subfield code="c">1841.</subfield></datafield><datafield ind1=" " ind2=" " tag="300"><subfield code="a">1 v. ;</subfield><subfield code="c">58 cm.</subfield></datafield><datafield ind1=" " ind2=" " tag="310"><subfield code="a">Weekly</subfield></datafield><datafield ind1="0" ind2=" " tag="362"><subfield code="a">Vol. 3, no. 1, (Mar. 4, 1841)-v. 3, no. 39 (Dec. 2, 1841).</subfield></datafield><datafield ind1=" " ind2=" " tag="500"><subfield code="a">Editors: E. Wright, J. Leavitt.</subfield></datafield><datafield ind1=" " ind2=" " tag="500"><subfield code="a">"Liberty Party."</subfield></datafield><datafield ind1=" " ind2="7" tag="655"><subfield code="a">Anti-slavery newspapers.</subfield><subfield code="2">ngl</subfield></datafield><datafield ind1="1" ind2=" " tag="700"><subfield code="a">Wright, Elizur,</subfield><subfield code="d">1804-1885.</subfield></datafield><datafield ind1="1" ind2=" " tag="700"><subfield code="a">Leavitt, Joshua,</subfield><subfield code="d">1794-1873.</subfield></datafield><datafield ind1=" " ind2=" " tag="752"><subfield code="a">United States</subfield><subfield code="b">Massachusetts</subfield><subfield code="c">Suffolk</subfield><subfield code="d">Boston.</subfield></datafield><datafield ind1="0" ind2="0" tag="780"><subfield code="t">Massachusetts abolitionist</subfield></datafield><datafield ind1="0" ind2="7" tag="785"><subfield code="t">Emancipator (New York, N.Y. : 1835)</subfield><subfield code="w">(DLC)sn 83030399</subfield></datafield><datafield ind1="0" ind2="7" tag="785"><subfield code="t">Emancipator and free American</subfield><subfield code="w">(DLC)sn 83030400</subfield></datafield><datafield ind1="1" ind2=" " tag="029"><subfield code="a">AU@</subfield><subfield code="b">000020129430</subfield></datafield></record>